@book{citation-key,
    author = ,
    title = ,
    publisher = ,
    year = 
}